3209 5200
437 394 524 457 20
1417 393 1482 446 ΙΙ.
1532 391 1898 462 Specialia.

437 559 736 644 Venezia,
772 559 1010 642 tipogr.
1049 557 1115 620 di
1143 508 1530 641 Alvisopoli.
1583 556 1771 622 1825.
1817 557 1969 622 111111.
2000 555 2087 622 8⁰.
2131 556 2308 623 XLV
2330 581 2435 642 pp.
2481 557 2579 623 lf.
2621 558 2747 623 172
2767 581 2895 642 pp.,

437 671 710 732 quarum
762 648 1019 711 1—119
1070 646 1431 713 continent:
1477 646 1573 710 La
1610 645 1772 710 Vita
1818 646 1883 710 di
1931 645 2143 711 Dante
2190 647 2561 730 Allighieri.
2624 646 2897 712 Accedit

437 738 686 822 effigies
734 734 1060 800 Boccacci.

615 860 832 926 Dante
868 859 1416 924 revolutionnaire
1455 863 1520 923 et
1557 860 1883 924 socialiste
1923 861 2088 924 mais
2126 882 2258 924 non
2295 859 2651 945 heretique,
2693 859 2896 925 Reve-

435 950 646 1015 lation
693 972 804 1013 sur
857 949 953 1013 les
1001 947 1422 1013 Revelations
1480 949 1557 1012 de
1604 949 1689 1012 M.
1737 948 1986 1032 Aroux‚
2039 949 2131 1013 Et
2187 948 2471 1014 Defense
2527 948 2894 1034 d'Ozanam‚

434 1062 553 1123 par
597 1037 870 1121 Ferjus
917 1037 1306 1102 Boissard.
1388 1036 1565 1102 Avec
1622 1038 1683 1101 16
1728 1037 2019 1102 Portrait
2075 1038 2154 1102 de
2202 1037 2443 1121 Dante,
2498 1039 2748 1122 d'apres
2802 1061 2895 1102 un

437 1149 704 1212 masque
750 1127 964 1191 moule
1012 1149 1123 1191 sur
1168 1127 1262 1192 lui
1309 1130 1497 1210 apres
1546 1150 1621 1190 sa
1668 1131 1855 1191 mort.
1929 1127 2143 1211 Paris,
2190 1127 2491 1192 Douniol.
2557 1128 2745 1192 1854.
2806 1124 2894 1192 8⁰.

435 1215 619 1300 vm,
667 1218 791 1281 183
820 1239 927 1301 pp.

612 1340 720 1405 Un
766 1345 994 1406 onesto
1042 1339 1243 1404 Grido
1291 1341 1360 1403 in
1403 1361 1598 1404 nome
1657 1339 1722 1403 di
1767 1339 1983 1404 Dante
2029 1341 2390 1423 precedono
2440 1340 2654 1405 alcuni
2702 1341 2889 1403 cenni

434 1430 695 1494 intorno
745 1431 872 1494 alla
920 1431 1208 1494 edizione
1247 1429 1516 1492 minima
1561 1429 1741 1492 detta
1788 1429 1837 1492 il
1878 1428 2167 1493 Dantino
2217 1451 2251 1493 6
2299 1449 2497 1513 segue
2541 1451 2670 1492 una
2715 1429 2891 1511 pole-

433 1520 604 1583 mica
647 1520 715 1583 la
759 1519 1090 1584 disonesta
1135 1518 1474 1583 letteraria
1520 1517 1586 1582 di
1634 1518 1795 1582 certi
1842 1518 2153 1582 illeterati
2202 1540 2322 1583 eon
2375 1518 2694 1583 facsimile
2740 1516 2891 1580 dell⁷
2979 1537 2985 1542 ·

431 1607 718 1672 edizione
774 1612 1001 1673 stessa.
1068 1605 1196 1688 [Da
1249 1606 1476 1692 Luigi
1531 1607 1867 1687 Busat0.]
1944 1606 2236 1690 Verona,
2291 1607 2579 1688 Padova,
2637 1606 2889 1690 Lipsia:

431 1695 726 1762 Drucker
772 1698 818 1762 &
864 1696 1194 1761 Tedeschi.
1266 1697 1454 1762 1878.
1518 1697 1668 1779 maj.
1716 1693 1800 1762 8⁰.
1866 1695 2047 1780 VIII,
2097 1698 2181 1761 70
2207 1719 2316 1780 pp.
2362 1719 2508 1760 cum
2559 1659 2591 1759 1
2642 1697 2774 1759 tab.

501 1801 714 1855 Auctor
748 1801 858 1854 hoc
896 1800 1277 1870 opusculum,
1283 1799 1418 1868 ‚alla
1454 1798 1731 1852 Memoria
1768 1798 1828 1852 di
1854 1799 2135 1869 Agostino
2170 1797 2374 1853 Palesa
2409 1797 2757 1868 oltraggiata
2790 1816 2891 1868 per

572 1890 650 1925 un
687 1872 938 1926 discorso
965 1874 1190 1926 recente
1221 1887 1440 1925 encom1
1418 1869 1554 1923 iiast
1532 1888 1622 1925 100
1663 1870 1723 1923 di
1758 1869 1842 1923 lui
1880 1887 1910 1924 6
1949 1870 2098 1924 delle
2138 1887 2234 1924 sue
2270 1874 2471 1940 opere‘
2510 1887 2732 1924 sacrum
2768 1887 2890 1924 esse

575 1942 772 1998 voluit

608 2071 732 2135 Vie
787 2072 870 2135 du
917 2069 1159 2155 Dante,
1224 2092 1379 2136 avec
1438 2093 1558 2135 une
1613 2071 1827 2134 notice
1883 2070 2183 2134 detaillee
2239 2071 2316 2133 de
2373 2091 2476 2133 ses
2535 2068 2890 2154 ouvrages,

429 2159 559 2314 Iggtr
591 2160 710 2314 1th
755 2160 841 2224 de
900 2157 1342 2224 Chabanon.
1417 2159 1833 2224 Amsterdam
1890 2163 1955 2222 et
2010 2159 2223 2242 Paris,
2280 2158 2621 2224 Lacombe.
2702 2161 2889 2225 1773.

499 2353 713 2408 Auctor
742 2272 828 2406 ἕξ
852 2351 1019 2406 initio
1050 2351 1161 2406 sibi
1197 2355 1594 2422 proposuerat,
1636 2355 1694 2406 et
1731 2351 2156 2420 disquisitiones
2196 2351 2265 2404 de
2294 2353 2445 2404 statu
2475 2351 2793 2406 litterarum
2826 2351 2889 2405 in

571 2424 743 2478 Italia
798 2425 856 2476 et
909 2424 1056 2477 vitas
1114 2426 1404 2477 auctorum
1459 2423 1761 2478 clariorum
1818 2441 1961 2477 saec.
2010 2423 2154 2475 XIII.
2208 2425 2266 2476 et
2315 2423 2459 2476 XIV.
2518 2423 2885 2490 conscribere,

572 2498 772 2565 postea
816 2511 949 2549 vero
998 2512 1058 2548 se
1105 2497 1446 2553 commotum
1493 2494 1735 2564 invenit,
1790 2497 1855 2548 ut
1899 2494 2133 2564 hujusce
2182 2495 2363 2562 operis
2410 2496 2633 2547 tantum
2669 2498 2889 2564 partem

570 2566 744 2621 Danti
781 2568 1166 2622 consecratam
1205 2567 1411 2621 ederet.

606 2695 821 2760 Dante
868 2695 1193 2780 Alighieri
1247 2694 1893 2779 Bio-Bibliographie
1946 2717 2066 2779 par
2118 2693 2403 2779 Ulysse
2462 2692 2885 2760 chevalier.

431 2786 720 2867 [Extrait
784 2785 867 2848 du
922 2784 1304 2867 Repertoire
1371 2784 1482 2848 des
1540 2805 1798 2848 sources
1862 2783 2257 2867 historiques
2325 2784 2410 2848 du
2475 2790 2888 2870 moyen-age,

429 2877 510 2939 26
555 2873 906 2953 fascicula]
990 2873 1462 2952 Montbeliard‚
1522 2873 1675 2956 imp.
1731 2871 2093 2937 Hoffmann.
2176 2872 2441 2937 Fevrier
2502 2873 2690 2937 1877.
2764 2872 2885 2937 120.

430 2965 517 3028 22
545 2986 652 3049 pp.

604 3086 840 3152 Dante.
923 3086 1029 3151 An
1093 3087 1326 3171 Essay.
1408 3086 1507 3171 By
1563 3086 1640 3151 R..
1701 3084 1807 3149 W.
1864 3084 2194 3150 Ohurch.
2270 3085 2649 3170 [Reprinted
2713 3087 2881 3151 from

426 3178 539 3242 the
605 3175 933 3241 Christian
990 3175 1532 3240 Remembrancer
1586 3175 1662 3239 of
1718 3175 1932 3255 1850]
2018 3175 2114 3239 To
2179 3175 2390 3238 which
2457 3176 2513 3238 is
2576 3175 2783 3240 added
2848 3199 2885 3240 a

429 3267 849 3331 Translation
896 3264 972 3329 of
1001 3264 1107 3329 De
1153 3264 1549 3329 Monarchia.
1618 3263 1721 3347 By
1769 3262 1837 3327 F.
1886 3263 1956 3329 O.
1993 3262 2308 3328 Church.
2376 3263 2665 3348 London,
2710 3264 2884 3329 Mac·

352 3448 358 3454 .
428 3356 658 3419 millan
706 3354 834 3419 and
882 3352 991 3418 Co,
1063 3354 1250 3418 1878.
1317 3354 1402 3418 8⁰.
1466 3352 1616 3437 VII,
1662 3354 1791 3419 308
1821 3375 1927 3436 pp.

608 3479 955 3543 Itinerario
1005 3479 1071 3541 di
1116 3476 1330 3542 Dante
1377 3476 1702 3561 Alighieri
1759 3498 1875 3559 per
1920 3476 2204 3541 Enrico
2253 3475 2508 3542 Croce.
2584 3477 2882 3556 Livorno,

431 3568 680 3653 Stamp.
730 3568 833 3632 dei
881 3566 1188 3631 Sodalizii
1232 3566 1590 3651 Pitagorici
1638 3565 1733 3629 La
1780 3564 2015 3631 Scuola
2049 3566 2299 3701 Italica.
2361 3568 2548 3631 1869.
2606 3568 2765 3631 min.
2796 3565 2884 3631 4⁰.

431 3660 515 3723 75
544 3681 649 3741 pp.
697 3678 843 3721 cum
889 3678 1130 3740 mappa
1175 3655 1528 3740 geograph.

605 3782 818 3846 Dante
873 3780 1007 3844 und
1063 3780 1199 3844 sein
1245 3779 1463 3864 Bezug
1518 3802 1632 3843 zur
1677 3779 2130 3845 Reformation
2185 3780 2315 3844 und
2370 3803 2481 3844 zur
2534 3780 2884 3845 modernen

428 3870 926 3955 evangelischen
972 3868 1346 3954 Bewegung
1391 3870 1460 3932 in
1506 3867 1762 3933 Italien.
1834 3868 2127 3952 Vortrag
2174 3869 2480 3953 gehalten
2526 3891 2656 3933 von
2690 3868 2881 3933 Her-

426 3984 650 4024 mann
696 3958 1006 4023 Dalton.
1080 3956 1172 4023 St.
1217 3957 1641 4043 Petersburg‚
1690 3957 2159 4023 Schmitzdorff.
2231 3959 2418 4023 1870.
2486 3955 2611 4023 160.
2672 3959 2753 4022 37
2776 3982 2882 4042 pp.

425 4048 618 4135 (Typ.
670 4047 973 4113 German.
1020 4069 1244 4131 expres
1250 4044 1330 4132 s.)

602 4173 818 4236 Dante
855 4172 986 4236 und
1022 4170 1315 4235 Mazzini.
1381 4170 1679 4235 Content.
1718 4172 1809 4236 in:
1856 4170 2248 4236 Historisch-
2253 4170 2599 4256 politische
2630 4171 2881 4236 Blatter

422 4265 530 4329 fur
570 4264 684 4326 das
722 4260 1135 4326 katholische
1175 4259 1636 4343 Deutschland,
1682 4260 1881 4344 redig.
1919 4283 2047 4324 von
2083 4261 2161 4325 E.
2196 4260 2365 4343 Jorg
2400 4284 2460 4325 u.
2488 4258 2591 4325 Fr.
2620 4245 2879 4325 Binder.

422 4354 537 4419 Bd.
584 4349 811 4414 XLIX.
886 4350 1235 4432 Mfinchen,
1291 4350 1458 4412 liter.
1463 4350 1706 4415 —artist.
1763 4349 2033 4413 Anstalt
2084 4351 2151 4414 in
2205 4347 2451 4414 Comm.
2531 4350 2759 4415 1862.
2793 4348 2879 4415 80.

378 4442 602 4507 ·Fasc.
649 4441 721 4522 2,
775 4462 836 4522 p.
885 4441 1050 4505 81—-
1061 4440 1148 4503 94
1209 4439 1255 4503 &
1311 4436 1494 4502 Fasc.
1542 4439 1602 4517 3,
1657 4461 1717 4522 p.
1770 4439 2092 4504 165—84.
2160 4438 2346 4523 (Typ.
2406 4436 2707 4503 German.
2774 4462 2877 4503 ex-

420 4526 653 4616 presa)
