3209 5200
367 379 495 444 104
1345 383 1412 437 II.
1455 381 1818 451 Specialia.

1257 559 1331 630 F.
1379 563 1472 630 De
1508 562 1912 631 Monarchia.

541 707 800 790 Andree
846 705 1091 771 Alciati
1133 704 1564 769 Ivreconsvlti
1611 704 1857 768 clariss
1903 703 2005 769 De
2047 703 2329 769 formvla
2364 702 2645 768 Romani
2680 704 2807 768 Im-
2845 717 2863 732 ·

363 797 527 883 perij
558 796 868 861 Libellus,
932 794 1367 859 Accesservnt
1410 814 1541 857 non
1565 793 1916 858 'dissimilis
1964 793 2347 877 argumenti,
2392 790 2628 856 Dantis
2660 791 2804 857 Flo-

365 885 606 951 rentini
653 885 733 950 de
777 883 1159 949 Monarchia
1204 882 1356 947 libri
1402 885 1554 946 treS.
1620 881 1945 966 Radvlphi
1990 881 2408 948 Carnotensis
2455 879 2553 945 De
2600 885 2807 945 trans-

367 975 613 1042 latione
658 973 918 1057 Imperij
965 972 1248 1036 libellus.
1341 968 1664 1036 Chronica
1708 969 1796 1034 M.
1840 969 2136 1036 Iordanis
2147 1021 2165 1054 ‚
2232 969 2525 1046 Qualiter
2570 969 2805 1035 Roma-

363 1086 520 1128 num
552 1063 906 1147 Imperium
943 1061 1332 1126 translatum
1369 1061 1456 1125 sit
1494 1061 1572 1124 ad
1603 1059 1978 1124 Germanos.
2052 1059 2287 1124 Omnia
2320 1081 2490 1123 nunc
2527 1056 2807 1143 primum

363 1153 434 1217 in
469 1153 680 1217 lucem
718 1151 911 1216 edita.
955 1147 1272 1232 Basileae‚
1317 1171 1434 1234 per
1479 1149 1789 1212 Ioannem
1820 1147 2195 1232 Oporinum.
2250 1144 2501 1233 (1559.)
2548 1146 2805 1213 11111180.

367 1238 621 1306 Contin.
667 1263 728 1324 p.
767 1239 1102 1304 53—179:
1148 1239 1384 1303 Dantis
1433 1237 1756 1322 Aligherii
1803 1236 2161 1302 Florentini
2206 1234 2601 1300 Monarchia.

541 1362 776 1428 Dantis
842 1363 1189 1448 Alligherii
1260 1361 1338 1425 de
1401 1361 1783 1427 Monarchia
1856 1361 2009 1425 libri
2071 1365 2205 1425 tres
2269 1364 2619 1425 msstorum
2688 1383 2806 1446 ope

368 1453 694 1518 emendati
739 1475 852 1537 per
901 1450 1263 1517 Carolum
1311 1449 1575 1515 Witte.
1641 1449 1829 1514 Halis
1878 1447 2219 1514 Saxonum.
2289 1449 2656 1514 1863—71.
2720 1449 2805 1514 4⁰.

365 1544 406 1606 2
435 1543 496 1607 ff.
544 1542 628 1606 29
657 1565 789 1627 pp.·;
835 1540 956 1624 VI,
984 1541 1072 1604 44
1099 1564 1233 1625 pp.;
1281 1541 1322 1603 2
1350 1539 1415 1605 ff.
1462 1539 1548 1603 50
1575 1563 1684 1624 pp.

434 1645 547 1700 Sub
584 1646 692 1699 hoc
727 1643 897 1698 titulo
935 1644 1135 1697 auctor
1170 1643 1490 1712 complexus
1532 1644 1620 1696 est
1654 1643 1789 1709 tria,
1837 1659 1982 1711 quae
2021 1642 2327 1712 separatim
2364 1643 2645 1714 ediderat,
2683 1662 2807 1713 pro-

504 1718 844 1786 grammata:
895 1715 1234 1768 Academiae
1281 1712 1695 1769 Fridericianae
1733 1714 1998 1768 Halensis
2048 1732 2174 1769 cum
2222 1713 2619 1784 Vitebergensi
2680 1733 2805 1770 con-

505 1787 754 1842 sociatae
789 1787 995 1842 Rector
1030 1785 1294 1840 Alfi-edus
1333 1784 1645 1839 Guilelmus
1683 1785 2003 1839 Volkmann
2050 1803 2178 1840 cum
2216 1785 2429 1840 Senatu
2464 1786 2695 1840 nomina
2731 1787 2806 1841 ci-

504 1877 658 1930 vium
713 1891 939 1928 suorum
992 1874 1090 1942 qui
1143 1873 1204 1926 in
1258 1872 1563 1928 certamine
1620 1872 1901 1927 litterario
1956 1873 2017 1926 in
2072 1873 2223 1928 diem
2277 1874 2445 1928 XXII.
2502 1875 2699 1930 Martis
2756 1894 2804 1930 a.

502 1955 922 2020 ‘MTDGCCLXHI
959 1960 1276 2017 solennium
1310 1959 1484 2030 Regis
1523 1960 1911 2030 augustissimi
1955 1961 2351 2016 nataliciorum
2388 1980 2560 2018 causa
2594 1964 2807 2020 indicto

507 2035 760 2104 praemia
794 2034 1223 2104 reportaverunt
1256 2033 1545 2086 renuntiat
1580 2048 1865 2101 novasque
1905 2032 2073 2086 simul
2109 2033 2467 2102 quaestiones
2504 2034 2565 2088 in
2602 2053 2810 2090 annum

508 2107 834 2175 sequentem
869 2105 1190 2175 propositas
1228 2103 1568 2172 promulgat.
1646 2103 1963 2158 Praemissa
2001 2106 2089 2158 est
2124 2103 2327 2159 Dantis
2364 2106 2665 2175 Alligherii
2691 2107 2807 2162 Mo-

501 2178 735 2232 narchia
774 2175 961 2246 (Liber
978 2176 1042 2246 1.)
1081 2177 1384 2229 msstorum
1423 2191 1527 2243 ope
1567 2175 1863 2229 emendata
1899 2192 1999 2245 per
2028 2175 2343 2230 Carolum
2362 2177 2593 2232 Witte.
2648 2178 2808 2233 Halis

504 2265 700 2321 formis
739 2263 1047 2320 HendeliiS.
1110 2270 1261 2319 1863.
1305 2295 1371 2304 —
1427 2265 1494 2318 It.
1543 2264 1753 2318 Rector
1788 2263 2133 2320 Wilibaldus
2179 2265 2496 2335 Beyschlag
2640 2268 2807 2323 XXII.

505 2354 703 2408 Martis
754 2371 802 2408 a.
856 2353 1304 2409 MDCCCLXVII
1333 2398 1345 2410 .
1369 2398 1380 2409 .
1405 2396 1416 2410 .
1446 2352 1650 2406 Dantis
1686 2352 1990 2422 Alligherfi
2024 2353 2558 2438 Monarchia—(Liber
2593 2356 2681 2426 Π.)
2715 2401 2761 2414 ..
2787 2403 2798 2414 .

502 2442 644 2498 Ibid.
688 2447 840 2498 1867.
903 2472 969 2481 -
1027 2440 1092 2496 It.
1149 2441 1358 2496 Rector
1410 2442 1765 2495 Hermannus
1814 2441 2151 2497 Knoblauch
2182 2489 2193 2500 .
2218 2489 2229 2500 .
2253 2488 2265 2500 .
2296 2444 2463 2500 XXII.
2503 2445 2702 2500 Martis
2761 2465 2808 2503 a.

503 2530 952 2587 MDCGCLXXI.
975 2574 988 2587 .
1011 2531 1238 2587 ,Dantis
1275 2529 1577 2601 Alligherii
1614 2529 1944 2585 Monarchia
1982 2531 2146 2601 (liber
2164 2532 2306 2604 ΠΙ.).
2332 2577 2343 2589 .
2368 2532 2533 2590 ,Ibid.
2572 2541 2809 2590 1871.—

501 2603 800 2686 I’raeterea
835 2602 1002 2672 primi
1038 2602 1474 2673 programmatis
1504 2603 1821 2672 exemplum
1850 2605 2035 2657 exstat
2060 2622 2204 2659 max.
2237 2606 2295 2659 et
2324 2605 2598 2675 splendid.
2632 2609 2804 2663 chart.

502 2692 851 2744 impressum.

541 2799 910 2887 Collegium
956 2802 1026 2867 in
1072 2801 1444 2867 Grebweiler.
1517 2800 1560 2864 J
1562 2802 2051 2868 ahres-Bericht
2094 2804 2211 2869 Nr.
2252 2807 2293 2870 2
2340 2807 2462 2871 mit
2496 2808 2811 2873 welchem

361 2914 439 2954 zu
512 2890 624 2955 der
697 2891 1113 2956 offentlichen
1183 2890 1481 2976 Priifung
1553 2891 1685 2955 und
1753 2889 2453 2959 Schlussfeierlichkeit
2519 2896 2643 2960 den
2711 2898 2811 2962 19.

363 2980 627 3065 August
672 2980 1042 3063 geziemend
1090 2980 1375 3045 einladet
1413 2979 1633 3044 Herm.
1663 2978 2177 3047 Derichsweiler.
2223 2982 2473 3047 Inhalt:
2520 2984 2573 3057 Ι.
2598 2985 2810 3050 Dante

361 3067 738 3151 Alighieri’s
785 3067 1193 3153 Monarchia,
1240 3091 1366 3134 von
1414 3069 2035 3135 Derichsweiler.
2109 3070 2158 3136 I:
2206 3070 2364 3137 Teil.
2455 3071 2537 3139 II.
2587 3072 2810 3138 Schul-

237 3194 246 3202 ·
362 3156 788 3221 nachrichten
831 3179 981 3221 vom
1026 3156 1344 3222 Director.
1435 3156 1851 3243 Mfllhausen,
1896 3157 2138 3224 Miinch
2184 3162 2230 3225 81
2277 3158 2435 3243 cie„
2483 3158 2809 3227 Schabel's

365 3230 905 3311 Buchdruckerei.
986 3247 1172 3311 1873.
1238 3243 1323 3312 80.
1386 3247 1473 3311 46
1501 3270 1610 3331 pp.
1685 3243 1875 3331 (Typ.
1925 3246 2226 3314 German.
2272 3246 2489 3334 impr.)

540 3386 775 3452 Dantis
806 3387 1152 3471 Alligherii
1200 3388 1276 3453 de
1322 3388 1703 3454 Monarchia
1747 3389 1900 3453 libri
1929 3390 2029 3454 III
2076 3391 2366 3455 codicum
2413 3395 2809 3478 manuscrip-

360 3481 576 3540 torum
633 3498 752 3560 ope
811 3477 1131 3541 emendati
1185 3500 1304 3562 per
1349 3477 1709 3542 Carolum
1758 3477 2017 3543 Witte.
2108 3478 2332 3544 Editio
2389 3481 2471 3545 II.
2568 3481 2809 3548 Vindo-

364 3566 592 3650 bonae‚
636 3563 1064 3632 Brauml‘iller.
1132 3563 1331 3631 1874.ι
1387 3567 1536 3650 maj.
1584 3565 1669 3632 80.
1736 3567 1778 3629 2
1806 3567 1867 3632 ff.
1915 3566 2233 3651 LXXXV,
2266 3570 2392 3634 144
2421 3592 2525 3655 pp.

540 3705 756 3771 Dante
803 3706 1126 3793 Alighieri
1180 3706 1398 3772 Ueber
1453 3707 1555 3771 die
1602 3708 1990 3774 Monarchie.
2083 3708 2468 3776 Uebersetzt
2511 3712 2645 3776 und
2690 3714 2813 3778 mit
2898 3678 2905 3683 -
3014 3719 3023 3731 ‘

363 3796 538 3860 einer
581 3795 966 3880 Einleitung
1011 3797 1324 3862 versehen
1377 3818 1506 3861 von
1562 3796 1803 3860 Oskar
1852 3797 2270 3863 Hubatsch.
2361 3797 2611 3884 Berlin,
2658 3800 2811 3868 Hei-

364 3906 574 3949 mann.
645 3885 833 3951 1872.
901 3884 986 3951 80.
1050 3886 1130 3949 91
1173 3908 1277 3970 pp.
1348 3883 1539 3971 (Typ.
1586 3884 1884 3951 German.
1932 3887 2135 3972 expr.)

432 3986 686 4041 Pertinet
723 3988 795 4041 ad
833 3986 1516 4056 „Historisch-poh'tische
1553 3987 1881 4042 Bibliothek
1918 3988 2056 4043 oder
2092 3989 2421 4061 Sammlung
2455 4009 2569 4046 von
2595 3993 2809 4063 Haupt-

503 4058 733 4184 {vgirizlffen
748 4075 892 4185 {lt-15·
926 4059 1054 4113 dem
1091 4058 1325 4138 Gebiete
1373 4060 1474 4114 der
1510 4059 1845 4114 Geschichte
1893 4060 2009 4113 und
2046 4060 2260 4116 Politik
2306 4063 2452 4117 alter
2486 4065 2604 4117 und
2638 4082 2811 4120 neuer

539 4222 716 4302 Uber
771 4237 1036 4305 Dante’s
1091 4239 1482 4305 Monarchie.
1555 4239 1706 4305 Von
1751 4241 2061 4307 Eduard
2110 4242 2503 4309 Boehmer.
2594 4245 2808 4331 Hane,

363 4324 764 4392 Buchhandl.
814 4329 871 4395 d.
901 4327 1424 4394 WaisenhauseS.
1496 4330 1684 4394 1866.
1748 4332 1893 4415 maj.
1938 4331 2026 4406 80.
2091 4333 2178 4397 24
2205 4355 2313 4416 pp.

435 4426 694 4551 Alterffi
733 4429 967 4499 hujusce
1016 4430 1339 4500 scriptionis
1386 4432 1703 4501 exemplum
1751 4434 1975 4489 chartae
2021 4434 2245 4490 meliori
2279 4435 2340 4489 in
2376 4438 2439 4491 4⁰
2473 4436 2808 4507 impressum

507 4516 602 4553 exs
696 4542 705 4553 .
